<?xml version="1.0" encoding="UTF-8"?>
  <record xmlns="http://www.loc.gov/MARC21/slim" type="Authority">
    <leader>00000nz  a2200000nc 4500</leader>
    <controlfield tag="001">04037372X</controlfield>
    <controlfield tag="003">DE-101</controlfield>
    <controlfield tag="005">20220707160337.0</controlfield>
    <controlfield tag="008">880701n||azznnaabn           | ana    |c</controlfield>
    <datafield tag="024" ind1="7" ind2=" ">
      <subfield code="a">4037372-1</subfield>
      <subfield code="0">http://d-nb.info/gnd/4037372-1</subfield>
      <subfield code="2">gnd</subfield>
    </datafield>
    <datafield tag="024" ind1="7" ind2=" ">
      <subfield code="a">2873891</subfield>
      <subfield code="2">geonames</subfield>
    </datafield>
    <datafield tag="034" ind1=" " ind2=" ">
      <subfield code="d">E 008 28 01</subfield>
      <subfield code="e">E 008 28 01</subfield>
      <subfield code="f">N 049 29 20</subfield>
      <subfield code="g">N 049 29 20</subfield>
      <subfield code="2">geonames</subfield>
      <subfield code="0">https://sws.geonames.org/2873891</subfield>
      <subfield code="9">A:agx</subfield>
    </datafield>
    <datafield tag="034" ind1=" " ind2=" ">
      <subfield code="d">E008.466944</subfield>
      <subfield code="e">E008.466944</subfield>
      <subfield code="f">N049.488888</subfield>
      <subfield code="g">N049.488888</subfield>
      <subfield code="2">geonames</subfield>
      <subfield code="0">https://sws.geonames.org/2873891</subfield>
      <subfield code="9">A:dgx</subfield>
    </datafield>
    <datafield tag="035" ind1=" " ind2=" ">
      <subfield code="a">(DE-101)04037372X</subfield>
    </datafield>
    <datafield tag="035" ind1=" " ind2=" ">
      <subfield code="a">(DE-588)4037372-1</subfield>
    </datafield>
    <datafield tag="035" ind1=" " ind2=" ">
      <subfield code="z">(DE-588)1063652308</subfield>
    </datafield>
    <datafield tag="035" ind1=" " ind2=" ">
      <subfield code="z">(DE-588)2029092-5</subfield>
    </datafield>
    <datafield tag="035" ind1=" " ind2=" ">
      <subfield code="z">(DE-588b)2029092-5</subfield>
      <subfield code="9">v:zg</subfield>
    </datafield>
    <datafield tag="035" ind1=" " ind2=" ">
      <subfield code="z">(DE-588c)4037372-1</subfield>
      <subfield code="9">v:zg</subfield>
    </datafield>
    <datafield tag="040" ind1=" " ind2=" ">
      <subfield code="a">DE-101</subfield>
      <subfield code="c">DE-101</subfield>
      <subfield code="9">r:DE-101</subfield>
      <subfield code="b">ger</subfield>
      <subfield code="d">1140</subfield>
      <subfield code="e">rda</subfield>
    </datafield>
    <datafield tag="042" ind1=" " ind2=" ">
      <subfield code="a">gnd1</subfield>
    </datafield>
    <datafield tag="043" ind1=" " ind2=" ">
      <subfield code="c">XA-DE-BW</subfield>
    </datafield>
    <datafield tag="075" ind1=" " ind2=" ">
      <subfield code="b">g</subfield>
      <subfield code="2">gndgen</subfield>
    </datafield>
    <datafield tag="075" ind1=" " ind2=" ">
      <subfield code="b">gik</subfield>
      <subfield code="2">gndspec</subfield>
    </datafield>
    <datafield tag="079" ind1=" " ind2=" ">
      <subfield code="a">g</subfield>
      <subfield code="q">f</subfield>
      <subfield code="q">g</subfield>
      <subfield code="q">s</subfield>
      <subfield code="u">w</subfield>
      <subfield code="u">z</subfield>
      <subfield code="u">v</subfield>
      <subfield code="u">o</subfield>
      <subfield code="u">e</subfield>
    </datafield>
    <datafield tag="083" ind1="0" ind2="4">
      <subfield code="z">2</subfield>
      <subfield code="a">4346452</subfield>
      <subfield code="9">d:4</subfield>
      <subfield code="9">t:2007-01-01</subfield>
      <subfield code="2">22/ger</subfield>
    </datafield>
    <datafield tag="151" ind1=" " ind2=" ">
      <subfield code="a">Mannheim</subfield>
    </datafield>
    <datafield tag="451" ind1=" " ind2=" ">
      <subfield code="a">Mannem</subfield>
    </datafield>
    <datafield tag="451" ind1=" " ind2=" ">
      <subfield code="a">Monnem</subfield>
    </datafield>
    <datafield tag="451" ind1=" " ind2=" ">
      <subfield code="a">Stadtgemeinde Mannheim</subfield>
    </datafield>
    <datafield tag="451" ind1=" " ind2=" ">
      <subfield code="a">Großherzoglich Badische Hauptstadt Mannheim</subfield>
    </datafield>
    <datafield tag="451" ind1=" " ind2=" ">
      <subfield code="a">Grh. Badische Hauptstadt Mannheim</subfield>
    </datafield>
    <datafield tag="451" ind1=" " ind2=" ">
      <subfield code="a">Badische Hauptstadt Mannheim</subfield>
    </datafield>
    <datafield tag="451" ind1=" " ind2=" ">
      <subfield code="a">Mannheim, Stadt im Quadrat</subfield>
    </datafield>
    <datafield tag="451" ind1=" " ind2=" ">
      <subfield code="a">Mannheim 2</subfield>
    </datafield>
    <datafield tag="451" ind1=" " ind2=" ">
      <subfield code="a">Stadt Mannheim</subfield>
    </datafield>
    <datafield tag="451" ind1=" " ind2=" ">
      <subfield code="a">Mannhemii</subfield>
    </datafield>
    <datafield tag="451" ind1=" " ind2=" ">
      <subfield code="a">Man(nhemium</subfield>
    </datafield>
    <datafield tag="451" ind1=" " ind2=" ">
      <subfield code="a">Mannehemium</subfield>
    </datafield>
    <datafield tag="451" ind1=" " ind2=" ">
      <subfield code="a">Interamnium</subfield>
    </datafield>
    <datafield tag="670" ind1=" " ind2=" ">
      <subfield code="a">Orts-Mü. 28</subfield>
    </datafield>
    <datafield tag="670" ind1=" " ind2=" ">
      <subfield code="a">B 2006</subfield>
    </datafield>
    <datafield tag="670" ind1=" " ind2=" ">
      <subfield code="a">M</subfield>
    </datafield>
    <datafield tag="670" ind1=" " ind2=" ">
      <subfield code="a">GeoNames</subfield>
    </datafield>
    <datafield tag="670" ind1=" " ind2=" ">
      <subfield code="a">Druckorte des 16. bis 19. Jhs., S. 148 ; Getty Thesaurus of Geographic Names ; Orbis Latinus</subfield>
    </datafield>
    <datafield tag="670" ind1=" " ind2=" ">
      <subfield code="a">Homepage</subfield>
      <subfield code="b">Stand: 17.05.2022</subfield>
      <subfield code="u">https://www.mannheim.de/de</subfield>
    </datafield>
    <datafield tag="678" ind1=" " ind2=" ">
      <subfield code="b">Stadt im Regierungsbezirk Karlsruhe, Dorf 766 urkundl. erwähnt, Stadt ab 1607 planmäßig angelegt</subfield>
    </datafield>
    <datafield tag="913" ind1=" " ind2=" ">
      <subfield code="S">swd</subfield>
      <subfield code="i">g</subfield>
      <subfield code="a">Mannheim</subfield>
      <subfield code="0">(DE-588c)4037372-1</subfield>
    </datafield>
    <datafield tag="913" ind1=" " ind2=" ">
      <subfield code="S">gkd</subfield>
      <subfield code="i">a</subfield>
      <subfield code="a">Mannheim</subfield>
      <subfield code="0">(DE-588b)2029092-5</subfield>
    </datafield>
  </record>
